@Misc{supplements,
  title        = "Experimental data {Erythropoietin} signal transduction in {HEK293}.",
  howpublished = {\url{https://github.com/bioasp/iggy/tree/master/data/in\_vivo\_HEK293}},
  year         = 2017
}
@Book{gekakasc12a,
  author       = "M. Gebser and
                  R. Kaminski and
                  B. Kaufmann and
                  T. Schaub",
  title        = "Answer Set Solving in Practice",
  publisher    = "Morgan and Claypool Publishers",
  year         = 2012,
  series       = "Synthesis Lectures on Artificial Intelligence and
                  Machine Learning",
  issn         = "1939-4608",
  doi          = {10.2200/S00457ED1V01Y201211AIM019},
}
@article{sthiele15,
  title        = {Extended Notions of Sign Consistency to Relate Experimental
                  Data to Signaling and Regulatory Network Topologies},
  author       = "S. Thiele and
                  L. Cerone and
                  J. Saez-Rodriguez and
                  A. Siegel and
                  C. Guzio{\l{}}owski and
                  S. Klamt",
  journal      = {BMC Bioinformatics},
  volume       = {16},
  number       = {345},
  issn         = {},
  doi          = {10.1186/s12859-015-0733-7},
  pages        = {},
  year         = 2015
}
@article{sk06,
  author       = "S. Klamt and
                  J. Saez-Rodriguez and
                  J. Lindquist and
                  L. Simeoni and
                  E. Gilles",
  title        = {A methodology for the structural and functional analysis
                  of signaling and regulatory networks},
  journal      = {BMC Bioinformatics},
  volume       = {7},
  year         = {2006},
  number       = {1},
  pages        = {56},
  doi          = {10.1186/1471-2105-7-56},
}
@Book{baral02a,
  author       = "C. Baral",
  title        = "Knowledge Representation, Reasoning and Declarative Problem Solving",
  publisher    = "Cambridge University Press",
  year         = 2003,
  isbn         = {9781139436441},
}
@Misc{potasscoManual,
  author       = "M. Gebser and
                  R. Kaminski and
                  B. Kaufmann and
                  M. Ostrowski and
                  T. Schaub and
                  S. Thiele",
  title        = "A User's Guide to \texttt{gringo}, \texttt{clasp}, \texttt{clingo}, and \texttt{iclingo}",
  key          = "potassco",
  url          = "http://potassco.sourceforge.net",
  year         = 2010
}
@InProceedings{gekanesc07a,
  author       = "M. Gebser and
                  B. Kaufmann and
                  A. Neumann and
                  T. Schaub",
  title        = "Conflict-Driven Answer Set Solving",
  crossref     = "ijcai07",
  pages        = "386--392",
  year         = 2007
}
@Proceedings{ijcai07,
  title        = "Proceedings of the Twentieth International Joint Conference
                  on Artificial Intelligence (IJCAI'07)",
  year         = 2007,
  booktitle    = "Proceedings of the Twentieth International Joint Conference
                  on Artificial Intelligence (IJCAI'07)",
  editor       = "M. Veloso",
  publisher    = "AAAI Press/The MIT Press",
  isbn         = {9781577352983},
}

@article {kreutztimmer2009,
  author       = "C. Kreutz and
                  J. Timmer",
  title        = {Systems biology: experimental design},
  journal      = {FEBS Journal},
  volume       = {276},
  number       = {4},
  publisher    = {Blackwell Publishing Ltd},
  issn         = {1742-4658},
  doi          = {10.1111/j.1742-4658.2008.06843.x},
  pages        = {923--942},
  year         = {2009},
}


@article {videla2015,
  title        = "Designing Experiments to Discriminate Families of Logic Models",
  author       = "S. Videla
                  I. Konokotina and
                  L. G. Alexopoulos and
                  J. Saez-Rodriguez and
                  T. Schaub and
                  A. Siegel and
                  C. Guziolowski",
  journal      = "Frontiers in Bioengineering and Biotechnology",
  publisher    = "Frontiers Media S.A.",
  issn         = "2296-4185",
  year         = {2015},
  page         = {131},
  volume       = {3},
  doi          = {10.3389/fbioe.2015.00131},
}
@article {Szczurek2009,
  author       = {Szczurek, E. and Gat-Viks, I. and Tiuryn, J. and Vingron, M.},
  title        = {Elucidating regulatory mechanisms downstream of a signaling
                  pathway using informative experiments},
  volume       = {5},
  number       = {1},
  year         = {2009},
  doi          = {10.1038/msb.2009.45},
  publisher    = {EMBO Press},
  issn         = {1744-4292},
  journal      = {Molecular Systems Biology}
}
@article{samaga13a,
  author       = "I. N. Melas and
                  R. Samaga and
                  L. G. Alexopoulos and
                  S. Klamt",
  journal      = {PLoS Computational Biology},
  publisher    = {Public Library of Science},
  title        = {{Detecting and Removing Inconsistencies between Experimental
                  Data and Signaling Network Topologies Using Integer Linear
                  Programming on Interaction Graphs}},
  year         = {2013},
  month        = {09},
  volume       = {9},
  pages        = {e1003204},
  number       = {9},
  doi          = {10.1371/journal.pcbi.1003204},
}
@article{expdes2010,
  author       = "M{\'e}lyk{\'u}ti, B. and
                  August, E. and
                  Papachristodoulou, A. and
                  El-Samad, H.",
  title        = "Discriminating between rival biochemical network models: three
                  approaches to optimal experiment design",
  journal      = "BMC Systems Biology",
  year         = "2010",
  volume       = "4",
  number       = "1",
  pages        = "1--16",
  issn         = "1752-0509",
  doi          = "10.1186/1752-0509-4-38",
}
@article{Barrett2006,
  author       = "Barrett, C. L. and
                  Palsson, B. O.",
  title        = "Iterative Reconstruction of Transcriptional Regulatory Networks:
                  An Algorithmic Approach",
  journal      = "PLoS Computational Biology",
  year         = "2006",
  volume       = "2",
  doi          = "10.1371/journal.pcbi.0020052",
}
@article{Feng2004,
  author       = "Feng, X. j. and
                  Rabitz, H.",
  title        = "Optimal Identification of Biochemical Reaction Networks",
  journal      = "Biophysical Journal",
  year         = "2004",
  volume       = "86",
  doi          = "10.1016/S0006-3495(04)74201-0",
}
@Inbook{Gunawan2006,
  author       = "Gunawan, R. and
                  Gadkar, K. G. and
                  Doyle, F. J.",
  chapter      = "Methods to Identify Cellular Architecture and Dynamics from Experimental Data",
  title        = "System modeling in cellular biology: from concepts to nuts and bolts",
  year         = "2006",
  publisher    = "MIT Press",
  address      = "Cambridge",
  doi          = "10.7551/mitpress/9780262195485.003.0011",
}
@article{Bandara2009,
  author       = "Bandara, S. and
                  Schl{\"o}der, J. P. and
                  Eils, R. and
                  Bock, H. G. and
                  Meyer, T.",
  title        = "Optimal experimental design for parameter estimation of a cell signaling model",
  journal      = "PLoS Computational Biology",
  year         = "2009",
  volume       = "5",
  doi          = "10.1371/journal.pcbi.1000558",
}
@article{Bardsley1996,
  author       = "Bardsley, W. G. and
                  Wood, R. M. W. and
                  Melikhova, E. M.",
  title        = "Optimal design: a computer program to study the best possible spacing of design points",
  journal      = "Computers Chem",
  year         = "1996",
  volume       = "20",
  doi          = "10.1016/0097-8485(95)00074-7",
}
@article{Chen2003,
  author       = "Chen, B. H. and
                  Asprey, S. P.",
  title        = "On the Design of Optimally Informative Dynamic Experiments for Model
                  Discrimination in Multiresponse Nonlinear Situations",
  journal      = "Ind Eng Chem Res",
  year         = "2003",
  volume       = "42",
  doi          = "10.1021/ie0203025",
}
@article{Casey2007,
  author       = "Casey, F. P. and
                  Baird, D. and
                  Feng, Q. and
                  Gutenkunst, R. N. and
                  Waterfall, J. J. and
                  Myers, C. R. and
                  Brown, K. S. and
                  Cerione, R. A. and
                  Sethna, J. P.",
  title        = "Optimal experimental design in an epidermal growth factor
                  receptor signalling and down-regulation model",
  journal      = "Systems Biology, IET",
  year         = "2007",
  volume       = "1",
  doi          = "10.1049/iet-syb:20060065",
}
@article{Balsa-Canto2008,
  author       = "Balsa-Canto, E. and
                  Alonso, A. A. and
                  Banga, J. R.",
  title        = "Computational procedures for optimal experimental design in biological systems",
  journal      = "Systems Biology, IET",
  year         = "2008",
  volume       = "2",
  doi          = "10.1049/iet-syb:20070069",
}
@article{odefy,
  title        = {Odefy -- {F}rom discrete to continuous models},
  author       = {Krumsiek, J. and
                  PÃ¶lsterl, S. and
                  Wittmann, D. M. and
                  Theis, F. J.},
  journal      = {BMC Bioinformatics},
  volume       = {11},
  number       = {233},
  year         = {2010},
  doi          = {10.1186/1471-2105-11-233},
  publisher    = {EMBO Press}
}
@article{SouleComplexus,
  author       = "C. Soul\'e",
  title        = "Graphic requirements for multistationarity",
  journal      = "Complexus",
  number       = 3,
  volume       = 1,
  pages        = "123-133",
  year         = 2003,
  doi          = "10.1159/000076100",
}
@article{SouleRevue,
  author       = "C. Soul\'e",
  title        = "Mathematical approaches to differentiation and gene
                  regulation",
  journal      = "Comptes Rendus Biologies",
  volume       = 329,
  pages        = "13-20",
  year         = 2006,
  doi          = "10.1016/j.crvi.2005.10.002",
}
@article{ruet,
  author       = "{\'E}. Remy and
	          P. Ruet and
		  D. Thieffry",
  title        = "Graphic requirements for multistability and attractive
                  cycles in a {B}oolean dynamical framework",
  journal      = "Advances in Applied Mathematics",
  number       = 3,
  volume       = 41,
  pages        = "335-350",
  year         = 2008,
  doi          = "10.1016/j.aam.2007.11.003",
}
@article{sthiele11a,
  title        = {Detecting inconsistencies in large biological networks with
                  answer set programming},
  author       = {M. Gebser and
                  T. Schaub and
                  S. Thiele and
                  P. Veber},
  journal      = "Theory and Practice of Logic Programming",
  volume       = {11},
  number       = {2-3},
  year         = 2011,
  pages        = {323-360},
  doi          = {10.1017/S1471068410000554},
}
@inproceedings{sthiele10b,
  title        = {Repair and Prediction (under Inconsistency) in Large Biological
                  Networks with Answer Set Programming},
  author       = {M. Gebser and
                  C. Guzio{\l{}}owski and
                  M. Ivanchev and
                  T. Schaub and
                  A. Siegel and
                  S. Thiele and
                  P. Veber},
  year         = 2010,
  pages        = {497-507},
  url          = {http://aaai.org/ocs/index.php/KR/KR2010/paper/view/1334},
  crossref     = "kr10",
}
@proceedings{kr10,
  title        = "Proceedings of the Twelfth International Conference
                  on the Principles of Knowledge Representation and Reasoning (KR'10)",
  booktitle    = "Proceedings of the Twelfth International Conference
                  on the Principles of Knowledge Representation and Reasoning (KR'10)",
  editor       = {Fangzhen Lin and
                  Ulrike Sattler and
                  Miroslaw Truszczynski},
  publisher    = {AAAI Press},
  isbn         = {978-1-57735-451-2},
  year         = 2010,
}

@article{wib1,
  author       = {Lombardero, M. and
	          Kovacs, K. and
	          Scheithauer, B. W.},
  title        = "Erythropoietin: a hormone with multiple functions.",
  journal      = "Pathobiology",
  volume       = 78,
  pages        = {41-53},
  doi          = {10.1159/000322975},
  year         = 2011,
}
@article{wib2,
  title        = "Turning cells red: signal transduction mediated by erythropoietin ",
  author       = {Terri D. Richmond and
	          Manprit Chohan and
		  Dwayne L. Barber},
  journal      = "Trends in Cell Biology ",
  volume       = "15",
  number       = "3",
  pages        = {146-155},
  year         = "2005",
  issn         = "0962-8924",
  doi          = {10.1016/j.tcb.2005.01.007},
}
@article{wib3,
  author       = {WÃ¶hrle, F. U. and
	          Daly, R. J. and
	          Brummer, T.},
  title        = "Function, regulation and pathological roles of the Gab/DOS docking proteins.",
  journal      = "Cell Communication and Signaling",
  doi          = {10.1186/1478-811X-7-22},
  year         = {2009},
  volume       = {7},
  pages        = {22},
}
@article{wib4,
  author       = {Wolf, A. and
	          Eulenfeld, R. and
                  Bongartz, H. and
		  Hessenkemper, W. and
		  Simister, P. C. and
		  Lievens, S. and
		  Tavernier, J. and
		  Feller, S. M. and
		  Schaper, F.},
  issn         = {0898-6568},
  journal      = {Cellular Signalling},
  issue        = {2},
  pages        = {340--352},
  title        = {MAPK-induced Gab1 translocation to the plasma membrane depends on a regulated intramolecular switch},
  doi          = {10.1016/j.cellsig.2014.11.017},
  volume       = {27},
  year         = {2015},
}

